<?xml version="1.0" encoding="UTF-8"?>
<searchRetrieveResponse xmlns="http://www.loc.gov/zing/srw/">
  <version>1.1</version>
  <numberOfRecords>378</numberOfRecords>
  <records>
    <record>
      <recordSchema>MARC21-xml</recordSchema>
      <recordPacking>xml</recordPacking>
      <recordData>
        <record xmlns="http://www.loc.gov/MARC21/slim" type="Bibliographic">
          <leader>00000nam a22000008c 4500</leader>
          <controlfield tag="001">1142555240</controlfield>
          <controlfield tag="003">DE-101</controlfield>
          <controlfield tag="005">20180622130423.0</controlfield>
          <controlfield tag="007">tu</controlfield>
          <controlfield tag="008">171027s2018    gw ||||| |||| 00||||ger  </controlfield>
          <datafield tag="015" ind1=" " ind2=" ">
            <subfield code="a">17,N44</subfield>
            <subfield code="2">dnb</subfield>
          </datafield>
          <datafield tag="016" ind1="7" ind2=" ">
            <subfield code="2">DE-101</subfield>
            <subfield code="a">1142555240</subfield>
          </datafield>
          <datafield tag="020" ind1=" " ind2=" ">
            <subfield code="a">9783492281577</subfield>
            <subfield code="c">: EUR 10.00 (DE), EUR 10.30 (AT), CHF 13.90 (freier Preis)</subfield>
            <subfield code="9">978-3-492-28157-7</subfield>
          </datafield>
          <datafield tag="020" ind1=" " ind2=" ">
            <subfield code="a">3492281575</subfield>
            <subfield code="9">3-492-28157-5</subfield>
          </datafield>
          <datafield tag="024" ind1="3" ind2=" ">
            <subfield code="a">9783492281577</subfield>
          </datafield>
          <datafield tag="035" ind1=" " ind2=" ">
            <subfield code="a">(DE-599)DNB1142555240</subfield>
          </datafield>
          <datafield tag="035" ind1=" " ind2=" ">
            <subfield code="a">(OCoLC)1009082704</subfield>
          </datafield>
          <datafield tag="040" ind1=" " ind2=" ">
            <subfield code="a">1245</subfield>
            <subfield code="b">ger</subfield>
            <subfield code="c">DE-101</subfield>
            <subfield code="d">9999</subfield>
          </datafield>
          <datafield tag="041" ind1=" " ind2=" ">
            <subfield code="a">ger</subfield>
            <subfield code="h">eng</subfield>
          </datafield>
          <datafield tag="044" ind1=" " ind2=" ">
            <subfield code="c">XA-DE-BY</subfield>
          </datafield>
          <datafield tag="082" ind1="7" ind2="4">
            <subfield code="8">1\p</subfield>
            <subfield code="a">K</subfield>
            <subfield code="q">DE-101</subfield>
            <subfield code="2">23sdnb</subfield>
          </datafield>
          <datafield tag="100" ind1="1" ind2=" ">
            <subfield code="a">Pratchett, Terry</subfield>
            <subfield code="4">aut</subfield>
          </datafield>
          <datafield tag="240" ind1="1" ind2="0">
            <subfield code="a">The Witch's Vacuum Cleaner</subfield>
          </datafield>
          <datafield tag="245" ind1="0" ind2="0">
            <subfield code="a">Die staubsaugende Schreckschraube</subfield>
            <subfield code="b">und andere Storys vom Schöpfer der Scheibenwelt</subfield>
            <subfield code="c">Terry Pratchett</subfield>
          </datafield>
          <datafield tag="263" ind1=" " ind2=" ">
            <subfield code="a">201807</subfield>
          </datafield>
          <datafield tag="264" ind1=" " ind2="1">
            <subfield code="a">München</subfield>
            <subfield code="b">Piper</subfield>
            <subfield code="c">2018</subfield>
          </datafield>
          <datafield tag="300" ind1=" " ind2=" ">
            <subfield code="a">320 Seiten</subfield>
            <subfield code="c">18.7 cm x 12 cm, 303 g</subfield>
          </datafield>
          <datafield tag="336" ind1=" " ind2=" ">
            <subfield code="a">Text</subfield>
            <subfield code="b">txt</subfield>
            <subfield code="2">rdacontent</subfield>
          </datafield>
          <datafield tag="337" ind1=" " ind2=" ">
            <subfield code="a">ohne Hilfsmittel zu benutzen</subfield>
            <subfield code="b">n</subfield>
            <subfield code="2">rdamedia</subfield>
          </datafield>
          <datafield tag="338" ind1=" " ind2=" ">
            <subfield code="a">Band</subfield>
            <subfield code="b">nc</subfield>
            <subfield code="2">rdacarrier</subfield>
          </datafield>
          <datafield tag="653" ind1=" " ind2=" ">
            <subfield code="a">(Produktform)Paperback / softback</subfield>
          </datafield>
          <datafield tag="653" ind1=" " ind2=" ">
            <subfield code="a">(Zielgruppe)ab 10 bis 99 Jahre</subfield>
          </datafield>
          <datafield tag="653" ind1=" " ind2=" ">
            <subfield code="a">(BISAC Subject Heading)JUV000000</subfield>
          </datafield>
          <datafield tag="653" ind1=" " ind2=" ">
            <subfield code="a">(DDC-Sachgruppen der Deutschen Nationalbibliografie)K</subfield>
          </datafield>
          <datafield tag="653" ind1=" " ind2=" ">
            <subfield code="a">(BISAC Subject Heading)FIC009080: FICTION / Fantasy / Humorous</subfield>
          </datafield>
          <datafield tag="653" ind1=" " ind2=" ">
            <subfield code="a">Scheibenwelt</subfield>
          </datafield>
          <datafield tag="653" ind1=" " ind2=" ">
            <subfield code="a">Rincewind</subfield>
          </datafield>
          <datafield tag="653" ind1=" " ind2=" ">
            <subfield code="a">Marc Beech</subfield>
          </datafield>
          <datafield tag="653" ind1=" " ind2=" ">
            <subfield code="a">(BISAC Subject Heading)JUV000000: JUVENILE FICTION / General</subfield>
          </datafield>
          <datafield tag="653" ind1=" " ind2=" ">
            <subfield code="a">(VLB-WN)2260: Taschenbuch / Kinder- und Jugendbücher/Jugendbücher ab 12 Jahre</subfield>
          </datafield>
          <datafield tag="655" ind1=" " ind2="7">
            <subfield code="0">(DE-101)101071841X</subfield>
            <subfield code="a">Jugendbücher ab 12 Jahre</subfield>
            <subfield code="2">gatbeg</subfield>
          </datafield>
          <datafield tag="700" ind1="1" ind2=" ">
            <subfield code="a">Brandhorst, Andreas</subfield>
            <subfield code="4">trl</subfield>
          </datafield>
          <datafield tag="700" ind1="1" ind2=" ">
            <subfield code="a">Beech, Mark</subfield>
            <subfield code="4">ill</subfield>
          </datafield>
          <datafield tag="710" ind1="2" ind2=" ">
            <subfield code="0">(DE-588)10078672-8</subfield>
            <subfield code="0">http://d-nb.info/gnd/10078672-8</subfield>
            <subfield code="0">(DE-101)971234752</subfield>
            <subfield code="a">Piper Verlag</subfield>
            <subfield code="e">Verlag</subfield>
            <subfield code="4">pbl</subfield>
          </datafield>
          <datafield tag="776" ind1="0" ind2="8">
            <subfield code="i">Erscheint auch als</subfield>
            <subfield code="n">Druck-Ausgabe</subfield>
            <subfield code="z">9783492704342</subfield>
          </datafield>
          <datafield tag="776" ind1="0" ind2="8">
            <subfield code="i">Erscheint auch als</subfield>
            <subfield code="n">Online-Ausgabe</subfield>
            <subfield code="z">9783492976022</subfield>
          </datafield>
          <datafield tag="787" ind1="0" ind2=" ">
            <subfield code="i">In Beziehung stehende Ressource</subfield>
            <subfield code="z">9783492281669</subfield>
          </datafield>
          <datafield tag="787" ind1="0" ind2=" ">
            <subfield code="i">In Beziehung stehende Ressource</subfield>
            <subfield code="z">9783492280860</subfield>
          </datafield>
          <datafield tag="787" ind1="0" ind2=" ">
            <subfield code="i">In Beziehung stehende Ressource</subfield>
            <subfield code="z">9783492704861</subfield>
          </datafield>
          <datafield tag="856" ind1="4" ind2="2">
            <subfield code="m">X:MVB</subfield>
            <subfield code="q">text/html</subfield>
            <subfield code="u">http://deposit.dnb.de/cgi-bin/dokserv?id=4d358981b2764426988e93df994a7cb1&amp;prov=M&amp;dok_var=1&amp;dok_ext=htm</subfield>
            <subfield code="3">Inhaltstext</subfield>
          </datafield>
          <datafield tag="883" ind1="1" ind2=" ">
            <subfield code="8">1\p</subfield>
            <subfield code="a">Ablieferung ONIX</subfield>
            <subfield code="d">20171027</subfield>
            <subfield code="q">DE-101</subfield>
          </datafield>
          <datafield tag="926" ind1="2" ind2=" ">
            <subfield code="a">FMK</subfield>
            <subfield code="o">93</subfield>
            <subfield code="q">Publisher</subfield>
            <subfield code="v">1.2</subfield>
            <subfield code="x">Fantasy: Humor</subfield>
          </datafield>
          <datafield tag="926" ind1="2" ind2=" ">
            <subfield code="a">YF</subfield>
            <subfield code="o">93</subfield>
            <subfield code="q">Publisher</subfield>
            <subfield code="v">1.2</subfield>
            <subfield code="x">Kinder/Jugendliche: Romane, Erzählungen,             Tatsachenberichte</subfield>
          </datafield>
        </record>
      </recordData>
      <recordPosition>1</recordPosition>
    </record>