
    <record>
      <recordSchema>MARC21-xml</recordSchema>
      <recordPacking>xml</recordPacking>
      <recordData>
        <record xmlns="http://www.loc.gov/MARC21/slim" type="Bibliographic">
          <leader>00000nim a2200000uc 4500</leader>
          <controlfield tag="001">1160516049</controlfield>
          <controlfield tag="003">DE-101</controlfield>
          <controlfield tag="005">20180606214402.0</controlfield>
          <controlfield tag="007">s|||||||||||||</controlfield>
          <controlfield tag="007">cr||||||||||||</controlfield>
          <controlfield tag="008">180605s2018    gw |||||o|||||||||||ger  </controlfield>
          <datafield tag="015" ind1=" " ind2=" ">
            <subfield code="a">18,O07</subfield>
            <subfield code="2">dnb</subfield>
          </datafield>
          <datafield tag="016" ind1="7" ind2=" ">
            <subfield code="2">DE-101</subfield>
            <subfield code="a">1160516049</subfield>
          </datafield>
          <datafield tag="020" ind1=" " ind2=" ">
            <subfield code="a">9783844532043</subfield>
            <subfield code="9">978-3-8445-3204-3</subfield>
          </datafield>
          <datafield tag="024" ind1="3" ind2=" ">
            <subfield code="a">9783844532043</subfield>
          </datafield>
          <datafield tag="024" ind1="7" ind2=" ">
            <subfield code="2">urn</subfield>
            <subfield code="a">urn:nbn:de:101:1-2018060503560437284673</subfield>
          </datafield>
          <datafield tag="035" ind1=" " ind2=" ">
            <subfield code="a">(DE-599)DNB1160516049</subfield>
          </datafield>
          <datafield tag="040" ind1=" " ind2=" ">
            <subfield code="a">1240</subfield>
            <subfield code="b">ger</subfield>
            <subfield code="c">DE-101</subfield>
            <subfield code="d">9999</subfield>
          </datafield>
          <datafield tag="041" ind1=" " ind2=" ">
            <subfield code="a">ger</subfield>
          </datafield>
          <datafield tag="044" ind1=" " ind2=" ">
            <subfield code="c">XA-DE-BY</subfield>
          </datafield>
          <datafield tag="082" ind1="7" ind2="4">
            <subfield code="8">1\p</subfield>
            <subfield code="a">830</subfield>
            <subfield code="a">B</subfield>
            <subfield code="q">DE-101</subfield>
            <subfield code="2">23sdnb</subfield>
          </datafield>
          <datafield tag="100" ind1="1" ind2=" ">
            <subfield code="a">Pratchett, Terry</subfield>
            <subfield code="e">Verfasser</subfield>
            <subfield code="4">aut</subfield>
          </datafield>
          <datafield tag="245" ind1="0" ind2="0">
            <subfield code="a">Voll im Bilde</subfield>
            <subfield code="b">Ein Scheibenwelt-Roman</subfield>
            <subfield code="c">Terry Pratchett</subfield>
          </datafield>
          <datafield tag="250" ind1=" " ind2=" ">
            <subfield code="a">Ungekürzte Lesung, ungekürzte Ausgabe</subfield>
          </datafield>
          <datafield tag="259" ind1=" " ind2=" ">
            <subfield code="a">unlua</subfield>
          </datafield>
          <datafield tag="264" ind1=" " ind2="1">
            <subfield code="a">München</subfield>
            <subfield code="b">der Hörverlag</subfield>
            <subfield code="c">2018</subfield>
          </datafield>
          <datafield tag="300" ind1=" " ind2=" ">
            <subfield code="a">Online-Ressource</subfield>
          </datafield>
          <datafield tag="336" ind1=" " ind2=" ">
            <subfield code="a">gesprochenes Wort</subfield>
            <subfield code="b">spw</subfield>
            <subfield code="2">rdacontent</subfield>
          </datafield>
          <datafield tag="337" ind1=" " ind2=" ">
            <subfield code="a">Computermedien</subfield>
            <subfield code="b">c</subfield>
            <subfield code="2">rdamedia</subfield>
          </datafield>
          <datafield tag="338" ind1=" " ind2=" ">
            <subfield code="a">Online-Ressource</subfield>
            <subfield code="b">cr</subfield>
            <subfield code="2">rdacarrier</subfield>
          </datafield>
          <datafield tag="500" ind1=" " ind2=" ">
            <subfield code="a">Lizenzpflichtig</subfield>
          </datafield>
          <datafield tag="583" ind1="1" ind2=" ">
            <subfield code="a">Langzeitarchivierung gewährleistet</subfield>
            <subfield code="i">LZA</subfield>
          </datafield>
          <datafield tag="653" ind1=" " ind2=" ">
            <subfield code="a">(Produktform)Downloadable audio file</subfield>
          </datafield>
          <datafield tag="653" ind1=" " ind2=" ">
            <subfield code="a">(BISAC Subject Heading)FIC009000</subfield>
          </datafield>
          <datafield tag="653" ind1=" " ind2=" ">
            <subfield code="a">(Produktform (spezifisch))MP3 format</subfield>
          </datafield>
          <datafield tag="653" ind1=" " ind2=" ">
            <subfield code="a">Scheibenwelt</subfield>
          </datafield>
          <datafield tag="653" ind1=" " ind2=" ">
            <subfield code="a">Hollywood</subfield>
          </datafield>
          <datafield tag="653" ind1=" " ind2=" ">
            <subfield code="a">Ankh-Morpork</subfield>
          </datafield>
          <datafield tag="653" ind1=" " ind2=" ">
            <subfield code="a">Unsichtbare Universität</subfield>
          </datafield>
          <datafield tag="653" ind1=" " ind2=" ">
            <subfield code="a">Britische Fantasy</subfield>
          </datafield>
          <datafield tag="653" ind1=" " ind2=" ">
            <subfield code="a">Humoristische Fantasy</subfield>
          </datafield>
          <datafield tag="653" ind1=" " ind2=" ">
            <subfield code="a">Klicker</subfield>
          </datafield>
          <datafield tag="653" ind1=" " ind2=" ">
            <subfield code="a">HBGENFAN: Fantasy</subfield>
          </datafield>
          <datafield tag="653" ind1=" " ind2=" ">
            <subfield code="a">(Produktgruppe)7069: Downloadtitel Hörverlag</subfield>
          </datafield>
          <datafield tag="653" ind1=" " ind2=" ">
            <subfield code="a">(VLB-WN)9112</subfield>
          </datafield>
          <datafield tag="655" ind1=" " ind2="7">
            <subfield code="0">(DE-101)1010008188</subfield>
            <subfield code="a">Erzählende Literatur: Gegenwartsliteratur ab 1945</subfield>
            <subfield code="2">gatbeg</subfield>
          </datafield>
          <datafield tag="700" ind1="1" ind2=" ">
            <subfield code="a">Jung, Gerald</subfield>
            <subfield code="e">Übersetzer</subfield>
            <subfield code="4">trl</subfield>
          </datafield>
          <datafield tag="700" ind1="1" ind2=" ">
            <subfield code="a">Niederfahrenhorst, Volker</subfield>
            <subfield code="e">Erzähler</subfield>
            <subfield code="4">nrt</subfield>
          </datafield>
          <datafield tag="700" ind1="1" ind2=" ">
            <subfield code="a">Krüger, Thomas</subfield>
            <subfield code="e">Regisseur</subfield>
            <subfield code="4">drt</subfield>
          </datafield>
          <datafield tag="850" ind1=" " ind2=" ">
            <subfield code="a">DE-101a</subfield>
            <subfield code="a">DE-101b</subfield>
          </datafield>
          <datafield tag="856" ind1="4" ind2="0">
            <subfield code="u">http://nbn-resolving.de/urn:nbn:de:101:1-2018060503560437284673</subfield>
            <subfield code="x">Resolving-System</subfield>
          </datafield>
          <datafield tag="856" ind1=" " ind2="0">
            <subfield code="u">http://d-nb.info/1160516049/34</subfield>
            <subfield code="x">Langzeitarchivierung Nationalbibliothek</subfield>
          </datafield>
          <datafield tag="856" ind1="4" ind2=" ">
            <subfield code="q">mp3</subfield>
          </datafield>
          <datafield tag="883" ind1="1" ind2=" ">
            <subfield code="8">1\p</subfield>
            <subfield code="a">Ablieferung ONIX</subfield>
            <subfield code="d">20180605</subfield>
            <subfield code="q">DE-101</subfield>
          </datafield>
          <datafield tag="925" ind1="r" ind2=" ">
            <subfield code="a">ro</subfield>
            <subfield code="a">ra</subfield>
          </datafield>
          <datafield tag="926" ind1="2" ind2=" ">
            <subfield code="a">FBA</subfield>
            <subfield code="o">93</subfield>
            <subfield code="v">1.1</subfield>
            <subfield code="x">Moderne und zeitgenössische Belletristik</subfield>
          </datafield>
          <datafield tag="926" ind1="2" ind2=" ">
            <subfield code="a">FYT</subfield>
            <subfield code="o">93</subfield>
            <subfield code="v">1.1</subfield>
            <subfield code="x">Belletristik in Übersetzung</subfield>
          </datafield>
          <datafield tag="926" ind1="2" ind2=" ">
            <subfield code="a">FMK</subfield>
            <subfield code="o">93</subfield>
            <subfield code="v">1.1</subfield>
            <subfield code="x">Fantasy: Humor</subfield>
          </datafield>
        </record>
      </recordData>
      <recordPosition>5</recordPosition>
    </record>