
    <record>
      <recordSchema>MARC21-xml</recordSchema>
      <recordPacking>xml</recordPacking>
      <recordData>
        <record xmlns="http://www.loc.gov/MARC21/slim" type="Bibliographic">
          <leader>00000nam a2200000uc 4500</leader>
          <controlfield tag="001">1132963532</controlfield>
          <controlfield tag="003">DE-101</controlfield>
          <controlfield tag="005">20180321004625.0</controlfield>
          <controlfield tag="007">cr||||||||||||</controlfield>
          <controlfield tag="008">170528s2017    gw |||||o|||| 00||||ger  </controlfield>
          <datafield tag="015" ind1=" " ind2=" ">
            <subfield code="a">17,O06</subfield>
            <subfield code="2">dnb</subfield>
          </datafield>
          <datafield tag="016" ind1="7" ind2=" ">
            <subfield code="2">DE-101</subfield>
            <subfield code="a">1132963532</subfield>
          </datafield>
          <datafield tag="020" ind1=" " ind2=" ">
            <subfield code="a">9783641220440</subfield>
            <subfield code="9">978-3-641-22044-0</subfield>
          </datafield>
          <datafield tag="024" ind1="3" ind2=" ">
            <subfield code="a">9783641220440</subfield>
          </datafield>
          <datafield tag="024" ind1="7" ind2=" ">
            <subfield code="2">urn</subfield>
            <subfield code="a">urn:nbn:de:101:1-2017052815666</subfield>
          </datafield>
          <datafield tag="035" ind1=" " ind2=" ">
            <subfield code="a">(DE-599)DNB1132963532</subfield>
          </datafield>
          <datafield tag="035" ind1=" " ind2=" ">
            <subfield code="a">(OCoLC)989851706</subfield>
          </datafield>
          <datafield tag="040" ind1=" " ind2=" ">
            <subfield code="a">1240</subfield>
            <subfield code="b">ger</subfield>
            <subfield code="c">DE-101</subfield>
            <subfield code="d">9999</subfield>
          </datafield>
          <datafield tag="041" ind1=" " ind2=" ">
            <subfield code="a">ger</subfield>
            <subfield code="h">eng</subfield>
          </datafield>
          <datafield tag="044" ind1=" " ind2=" ">
            <subfield code="c">XA-DE-BY</subfield>
          </datafield>
          <datafield tag="082" ind1="0" ind2="4">
            <subfield code="8">1\u</subfield>
            <subfield code="a">823.914</subfield>
            <subfield code="q">DE-101</subfield>
            <subfield code="2">22/ger</subfield>
          </datafield>
          <datafield tag="083" ind1="7" ind2=" ">
            <subfield code="8">2\p</subfield>
            <subfield code="a">820</subfield>
            <subfield code="q">DE-101</subfield>
            <subfield code="2">23sdnb</subfield>
          </datafield>
          <datafield tag="085" ind1=" " ind2=" ">
            <subfield code="8">1\u</subfield>
            <subfield code="b">823</subfield>
          </datafield>
          <datafield tag="100" ind1="1" ind2=" ">
            <subfield code="0">(DE-588)119252880</subfield>
            <subfield code="0">http://d-nb.info/gnd/119252880</subfield>
            <subfield code="0">(DE-101)119252880</subfield>
            <subfield code="a">Pratchett, Terry</subfield>
            <subfield code="d">1948-2015</subfield>
            <subfield code="e">Verfasser</subfield>
            <subfield code="4">aut</subfield>
          </datafield>
          <datafield tag="240" ind1="1" ind2="0">
            <subfield code="a">The New Discworld Companion</subfield>
          </datafield>
          <datafield tag="245" ind1="0" ind2="0">
            <subfield code="a">Die Scheibenwelt von A - Z</subfield>
            <subfield code="b">Aktualisierte und überarbeitete Neuausgabe</subfield>
            <subfield code="c">Terry Pratchett, Stephen Briggs</subfield>
          </datafield>
          <datafield tag="264" ind1=" " ind2="1">
            <subfield code="a">München</subfield>
            <subfield code="b">Goldmann Verlag</subfield>
            <subfield code="c">2017</subfield>
          </datafield>
          <datafield tag="300" ind1=" " ind2=" ">
            <subfield code="a">Online-Ressourcen, 416 Seiten</subfield>
          </datafield>
          <datafield tag="336" ind1=" " ind2=" ">
            <subfield code="a">Text</subfield>
            <subfield code="b">txt</subfield>
            <subfield code="2">rdacontent</subfield>
          </datafield>
          <datafield tag="337" ind1=" " ind2=" ">
            <subfield code="a">Computermedien</subfield>
            <subfield code="b">c</subfield>
            <subfield code="2">rdamedia</subfield>
          </datafield>
          <datafield tag="338" ind1=" " ind2=" ">
            <subfield code="a">Online-Ressource</subfield>
            <subfield code="b">cr</subfield>
            <subfield code="2">rdacarrier</subfield>
          </datafield>
          <datafield tag="500" ind1=" " ind2=" ">
            <subfield code="a">Lizenzpflichtig</subfield>
          </datafield>
          <datafield tag="583" ind1="1" ind2=" ">
            <subfield code="a">Langzeitarchivierung gewährleistet</subfield>
            <subfield code="i">LZA</subfield>
          </datafield>
          <datafield tag="600" ind1="1" ind2="7">
            <subfield code="0">(DE-588)4408655-6</subfield>
            <subfield code="0">http://d-nb.info/gnd/4408655-6</subfield>
            <subfield code="0">(DE-101)947415807</subfield>
            <subfield code="a">Pratchett, Terry</subfield>
            <subfield code="d">1948-2015</subfield>
            <subfield code="t">The discworld series</subfield>
            <subfield code="2">gnd</subfield>
          </datafield>
          <datafield tag="653" ind1=" " ind2=" ">
            <subfield code="a">(Produktform)Electronic book text</subfield>
          </datafield>
          <datafield tag="653" ind1=" " ind2=" ">
            <subfield code="a">(BISAC Subject Heading)FIC009000</subfield>
          </datafield>
          <datafield tag="653" ind1=" " ind2=" ">
            <subfield code="a">Scheibenwelt</subfield>
          </datafield>
          <datafield tag="653" ind1=" " ind2=" ">
            <subfield code="a">Charaktere der Scheibenwelt</subfield>
          </datafield>
          <datafield tag="653" ind1=" " ind2=" ">
            <subfield code="a">Spiegel-Bestseller-Autor</subfield>
          </datafield>
          <datafield tag="653" ind1=" " ind2=" ">
            <subfield code="a">Britische Fantasy</subfield>
          </datafield>
          <datafield tag="653" ind1=" " ind2=" ">
            <subfield code="a">Humoristische Fantasy</subfield>
          </datafield>
          <datafield tag="653" ind1=" " ind2=" ">
            <subfield code="a">Ankh-Morpork</subfield>
          </datafield>
          <datafield tag="653" ind1=" " ind2=" ">
            <subfield code="a">(Produktgruppe)7510: Belletristik</subfield>
          </datafield>
          <datafield tag="653" ind1=" " ind2=" ">
            <subfield code="a">(VLB-WN)9112</subfield>
          </datafield>
          <datafield tag="653" ind1=" " ind2=" ">
            <subfield code="a">(Produktform (spezifisch))Paperback (DE)</subfield>
          </datafield>
          <datafield tag="653" ind1=" " ind2=" ">
            <subfield code="a">(Produktform (spezifisch))With flaps</subfield>
          </datafield>
          <datafield tag="655" ind1=" " ind2="7">
            <subfield code="0">(DE-101)1010008188</subfield>
            <subfield code="a">Erzählende Literatur: Gegenwartsliteratur ab 1945</subfield>
            <subfield code="2">gatbeg</subfield>
          </datafield>
          <datafield tag="689" ind1="0" ind2="0">
            <subfield code="0">(DE-588)4408655-6</subfield>
            <subfield code="0">http://d-nb.info/gnd/4408655-6</subfield>
            <subfield code="0">(DE-101)947415807</subfield>
            <subfield code="D">p</subfield>
            <subfield code="a">Pratchett, Terry</subfield>
            <subfield code="d">1948-2015</subfield>
            <subfield code="t">The discworld series</subfield>
          </datafield>
          <datafield tag="689" ind1="0" ind2=" ">
            <subfield code="5">DE-101</subfield>
            <subfield code="5">DE-101</subfield>
          </datafield>
          <datafield tag="700" ind1="1" ind2=" ">
            <subfield code="0">(DE-588)123422000</subfield>
            <subfield code="0">http://d-nb.info/gnd/123422000</subfield>
            <subfield code="0">(DE-101)123422000</subfield>
            <subfield code="a">Briggs, Stephen</subfield>
            <subfield code="e">Verfasser</subfield>
            <subfield code="4">aut</subfield>
          </datafield>
          <datafield tag="700" ind1="1" ind2=" ">
            <subfield code="0">(DE-588)174905564</subfield>
            <subfield code="0">http://d-nb.info/gnd/174905564</subfield>
            <subfield code="0">(DE-101)174905564</subfield>
            <subfield code="a">Brandhorst, Andreas</subfield>
            <subfield code="e">Übersetzer</subfield>
            <subfield code="4">trl</subfield>
          </datafield>
          <datafield tag="700" ind1="1" ind2=" ">
            <subfield code="0">(DE-588)101290699X</subfield>
            <subfield code="0">http://d-nb.info/gnd/101290699X</subfield>
            <subfield code="0">(DE-101)101290699X</subfield>
            <subfield code="a">Jung, Gerald</subfield>
            <subfield code="e">Übersetzer</subfield>
            <subfield code="4">trl</subfield>
          </datafield>
          <datafield tag="776" ind1="0" ind2="8">
            <subfield code="i">Elektronische Reproduktion von</subfield>
            <subfield code="z">9783442432639</subfield>
          </datafield>
          <datafield tag="850" ind1=" " ind2=" ">
            <subfield code="a">DE-101a</subfield>
            <subfield code="a">DE-101b</subfield>
          </datafield>
          <datafield tag="856" ind1="4" ind2="0">
            <subfield code="u">http://nbn-resolving.de/urn:nbn:de:101:1-2017052815666</subfield>
            <subfield code="x">Resolving-System</subfield>
          </datafield>
          <datafield tag="856" ind1=" " ind2="0">
            <subfield code="u">http://d-nb.info/1132963532/34</subfield>
            <subfield code="x">Langzeitarchivierung Nationalbibliothek</subfield>
          </datafield>
          <datafield tag="856" ind1="4" ind2=" ">
            <subfield code="q">epub</subfield>
            <subfield code="u">http://www.randomhouse.de/book/edition.rhd?isbn=9783641220440</subfield>
            <subfield code="x">Verlag</subfield>
          </datafield>
          <datafield tag="883" ind1="1" ind2=" ">
            <subfield code="8">2\p</subfield>
            <subfield code="a">Übernahme aus paralleler Ausgabe</subfield>
            <subfield code="d">20170529</subfield>
            <subfield code="q">DE-101</subfield>
          </datafield>
          <datafield tag="925" ind1="r" ind2=" ">
            <subfield code="a">ro</subfield>
            <subfield code="a">ra</subfield>
          </datafield>
          <datafield tag="926" ind1="1" ind2=" ">
            <subfield code="a">FMK</subfield>
            <subfield code="o">93</subfield>
            <subfield code="v">1.1</subfield>
            <subfield code="x">Fantasy: Humor</subfield>
          </datafield>
          <datafield tag="926" ind1="2" ind2=" ">
            <subfield code="a">FBA</subfield>
            <subfield code="o">93</subfield>
            <subfield code="v">1.1</subfield>
            <subfield code="x">Moderne und zeitgenössische Belletristik</subfield>
          </datafield>
          <datafield tag="926" ind1="2" ind2=" ">
            <subfield code="a">FYT</subfield>
            <subfield code="o">93</subfield>
            <subfield code="v">1.1</subfield>
            <subfield code="x">Belletristik in Übersetzung</subfield>
          </datafield>
        </record>
      </recordData>
      <recordPosition>9</recordPosition>
    </record>