
    <record>
      <recordSchema>MARC21-xml</recordSchema>
      <recordPacking>xml</recordPacking>
      <recordData>
        <record xmlns="http://www.loc.gov/MARC21/slim" type="Bibliographic">
          <leader>00000nam a2200000uc 4500</leader>
          <controlfield tag="001">1129457826</controlfield>
          <controlfield tag="003">DE-101</controlfield>
          <controlfield tag="005">20180301224706.0</controlfield>
          <controlfield tag="007">cr||||||||||||</controlfield>
          <controlfield tag="008">170407s2017    gw |||||o|||| 00||||ger  </controlfield>
          <datafield tag="015" ind1=" " ind2=" ">
            <subfield code="a">17,O05</subfield>
            <subfield code="2">dnb</subfield>
          </datafield>
          <datafield tag="016" ind1="7" ind2=" ">
            <subfield code="2">DE-101</subfield>
            <subfield code="a">1129457826</subfield>
          </datafield>
          <datafield tag="020" ind1=" " ind2=" ">
            <subfield code="a">9783492976022</subfield>
            <subfield code="9">978-3-492-97602-2</subfield>
          </datafield>
          <datafield tag="024" ind1="3" ind2=" ">
            <subfield code="a">9783492976022</subfield>
          </datafield>
          <datafield tag="024" ind1="7" ind2=" ">
            <subfield code="2">urn</subfield>
            <subfield code="a">urn:nbn:de:101:1-201704073413</subfield>
          </datafield>
          <datafield tag="035" ind1=" " ind2=" ">
            <subfield code="a">(DE-599)DNB1129457826</subfield>
          </datafield>
          <datafield tag="035" ind1=" " ind2=" ">
            <subfield code="a">(OCoLC)985983089</subfield>
          </datafield>
          <datafield tag="040" ind1=" " ind2=" ">
            <subfield code="a">1240</subfield>
            <subfield code="b">ger</subfield>
            <subfield code="c">DE-101</subfield>
            <subfield code="d">9999</subfield>
          </datafield>
          <datafield tag="041" ind1=" " ind2=" ">
            <subfield code="a">ger</subfield>
            <subfield code="h">eng</subfield>
          </datafield>
          <datafield tag="044" ind1=" " ind2=" ">
            <subfield code="c">XA-DE-BY</subfield>
          </datafield>
          <datafield tag="082" ind1="7" ind2="4">
            <subfield code="8">1\p</subfield>
            <subfield code="a">820</subfield>
            <subfield code="a">B</subfield>
            <subfield code="q">DE-101</subfield>
            <subfield code="2">23sdnb</subfield>
          </datafield>
          <datafield tag="100" ind1="1" ind2=" ">
            <subfield code="0">(DE-588)119252880</subfield>
            <subfield code="0">http://d-nb.info/gnd/119252880</subfield>
            <subfield code="0">(DE-101)119252880</subfield>
            <subfield code="a">Pratchett, Terry</subfield>
            <subfield code="d">1948-2015</subfield>
            <subfield code="e">Verfasser</subfield>
            <subfield code="4">aut</subfield>
          </datafield>
          <datafield tag="240" ind1="1" ind2="0">
            <subfield code="a">The Witch's Vacuum Cleaner</subfield>
          </datafield>
          <datafield tag="245" ind1="0" ind2="0">
            <subfield code="a">Die staubsaugende Schreckschraube</subfield>
            <subfield code="b">und andere Storys vom Schöpfer der Scheibenwelt</subfield>
            <subfield code="c">Terry Pratchett</subfield>
          </datafield>
          <datafield tag="264" ind1=" " ind2="1">
            <subfield code="a">München</subfield>
            <subfield code="b">Piper ebooks</subfield>
            <subfield code="c">2017</subfield>
          </datafield>
          <datafield tag="300" ind1=" " ind2=" ">
            <subfield code="a">Online-Ressourcen, 320 Seiten</subfield>
          </datafield>
          <datafield tag="336" ind1=" " ind2=" ">
            <subfield code="a">Text</subfield>
            <subfield code="b">txt</subfield>
            <subfield code="2">rdacontent</subfield>
          </datafield>
          <datafield tag="337" ind1=" " ind2=" ">
            <subfield code="a">Computermedien</subfield>
            <subfield code="b">c</subfield>
            <subfield code="2">rdamedia</subfield>
          </datafield>
          <datafield tag="338" ind1=" " ind2=" ">
            <subfield code="a">Online-Ressource</subfield>
            <subfield code="b">cr</subfield>
            <subfield code="2">rdacarrier</subfield>
          </datafield>
          <datafield tag="500" ind1=" " ind2=" ">
            <subfield code="a">Lizenzpflichtig</subfield>
          </datafield>
          <datafield tag="583" ind1="1" ind2=" ">
            <subfield code="a">Langzeitarchivierung gewährleistet</subfield>
            <subfield code="i">LZA</subfield>
          </datafield>
          <datafield tag="653" ind1=" " ind2=" ">
            <subfield code="a">(Produktform)Electronic book text</subfield>
          </datafield>
          <datafield tag="653" ind1=" " ind2=" ">
            <subfield code="a">(Zielgruppe)ab 10 bis 99 Jahre</subfield>
          </datafield>
          <datafield tag="653" ind1=" " ind2=" ">
            <subfield code="a">(BISAC Subject Heading)FIC009080: FICTION / Fantasy / Humorous</subfield>
          </datafield>
          <datafield tag="653" ind1=" " ind2=" ">
            <subfield code="a">Scheibenwelt</subfield>
          </datafield>
          <datafield tag="653" ind1=" " ind2=" ">
            <subfield code="a">Rincewind</subfield>
          </datafield>
          <datafield tag="653" ind1=" " ind2=" ">
            <subfield code="a">Marc Beech</subfield>
          </datafield>
          <datafield tag="653" ind1=" " ind2=" ">
            <subfield code="a">(BISAC Subject Heading)JUV000000: JUVENILE FICTION / General</subfield>
          </datafield>
          <datafield tag="653" ind1=" " ind2=" ">
            <subfield code="a">(VLB-WN)9260: Kinder- und Jugendbücher/Jugendbücher ab 12 Jahre</subfield>
          </datafield>
          <datafield tag="655" ind1=" " ind2="7">
            <subfield code="0">(DE-101)101071841X</subfield>
            <subfield code="a">Jugendbücher ab 12 Jahre</subfield>
            <subfield code="2">gatbeg</subfield>
          </datafield>
          <datafield tag="655" ind1=" " ind2="7">
            <subfield code="0">(DE-101)1010885626</subfield>
            <subfield code="a">Fantasy</subfield>
            <subfield code="2">gatbeg</subfield>
          </datafield>
          <datafield tag="700" ind1="1" ind2=" ">
            <subfield code="0">(DE-588)12137694X</subfield>
            <subfield code="0">http://d-nb.info/gnd/12137694X</subfield>
            <subfield code="0">(DE-101)12137694X</subfield>
            <subfield code="a">Brandhorst, Andreas</subfield>
            <subfield code="d">1956-</subfield>
            <subfield code="e">Übersetzer</subfield>
            <subfield code="4">trl</subfield>
          </datafield>
          <datafield tag="700" ind1="1" ind2=" ">
            <subfield code="0">(DE-588)143312103</subfield>
            <subfield code="0">http://d-nb.info/gnd/143312103</subfield>
            <subfield code="0">(DE-101)143312103</subfield>
            <subfield code="a">Beech, Mark</subfield>
            <subfield code="e">Illustrator</subfield>
            <subfield code="4">ill</subfield>
          </datafield>
          <datafield tag="776" ind1="0" ind2="8">
            <subfield code="i">Erscheint auch als</subfield>
            <subfield code="n">Druck-Ausgabe</subfield>
            <subfield code="a">Pratchett, Terry, 1948-2015</subfield>
            <subfield code="t">Die staubsaugende Schreckschraube</subfield>
            <subfield code="d">München ; Berlin : ivi, [2017]</subfield>
            <subfield code="h">312 Seiten, Illustrationen</subfield>
            <subfield code="w">(DE-101)1128176483</subfield>
          </datafield>
          <datafield tag="776" ind1="0" ind2="8">
            <subfield code="i">Elektronische Reproduktion von</subfield>
            <subfield code="z">9783492704342</subfield>
          </datafield>
          <datafield tag="850" ind1=" " ind2=" ">
            <subfield code="a">DE-101a</subfield>
            <subfield code="a">DE-101b</subfield>
          </datafield>
          <datafield tag="856" ind1="4" ind2="0">
            <subfield code="u">http://nbn-resolving.de/urn:nbn:de:101:1-201704073413</subfield>
            <subfield code="x">Resolving-System</subfield>
          </datafield>
          <datafield tag="856" ind1=" " ind2="0">
            <subfield code="u">http://d-nb.info/1129457826/34</subfield>
            <subfield code="x">Langzeitarchivierung Nationalbibliothek</subfield>
          </datafield>
          <datafield tag="856" ind1="4" ind2=" ">
            <subfield code="q">epub</subfield>
            <subfield code="u">http://www.piper-verlag.de</subfield>
            <subfield code="x">Verlag</subfield>
          </datafield>
          <datafield tag="883" ind1="1" ind2=" ">
            <subfield code="8">1\p</subfield>
            <subfield code="a">Übernahme aus paralleler Ausgabe</subfield>
            <subfield code="d">20180301</subfield>
            <subfield code="q">DE-101</subfield>
          </datafield>
          <datafield tag="925" ind1="r" ind2=" ">
            <subfield code="a">ro</subfield>
            <subfield code="a">ra</subfield>
          </datafield>
          <datafield tag="926" ind1="1" ind2=" ">
            <subfield code="a">YF</subfield>
            <subfield code="o">93</subfield>
            <subfield code="v">1.2</subfield>
            <subfield code="x">Kinder/Jugendliche: Romane, Erzählungen, Tatsachenberichte</subfield>
          </datafield>
          <datafield tag="926" ind1="2" ind2=" ">
            <subfield code="a">FMK</subfield>
            <subfield code="o">93</subfield>
            <subfield code="v">1.2</subfield>
            <subfield code="x">Fantasy: Humor</subfield>
          </datafield>
        </record>
      </recordData>
      <recordPosition>10</recordPosition>
    </record>