
    <record>
      <recordSchema>MARC21-xml</recordSchema>
      <recordPacking>xml</recordPacking>
      <recordData>
        <record xmlns="http://www.loc.gov/MARC21/slim" type="Bibliographic">
          <leader>00000pam a2200000 c 4500</leader>
          <controlfield tag="001">1098335627</controlfield>
          <controlfield tag="003">DE-101</controlfield>
          <controlfield tag="005">20170228223717.0</controlfield>
          <controlfield tag="007">tu</controlfield>
          <controlfield tag="008">160427s2017    gw ||||| |||| 00||||ger  </controlfield>
          <datafield tag="015" ind1=" " ind2=" ">
            <subfield code="a">17,A10</subfield>
            <subfield code="z">16,N18</subfield>
            <subfield code="2">dnb</subfield>
          </datafield>
          <datafield tag="016" ind1="7" ind2=" ">
            <subfield code="2">DE-101</subfield>
            <subfield code="a">1098335627</subfield>
          </datafield>
          <datafield tag="020" ind1=" " ind2=" ">
            <subfield code="a">9783442485369</subfield>
            <subfield code="c">Broschur : circa EUR 10.30 (AT), circa sfr 13.90 (freier Preis), circa EUR 9.99 (DE)</subfield>
            <subfield code="9">978-3-442-48536-9</subfield>
          </datafield>
          <datafield tag="020" ind1=" " ind2=" ">
            <subfield code="a">3442485363</subfield>
            <subfield code="9">3-442-48536-3</subfield>
          </datafield>
          <datafield tag="024" ind1="3" ind2=" ">
            <subfield code="a">9783442485369</subfield>
          </datafield>
          <datafield tag="035" ind1=" " ind2=" ">
            <subfield code="a">(DE-599)DNB1098335627</subfield>
          </datafield>
          <datafield tag="035" ind1=" " ind2=" ">
            <subfield code="a">(OCoLC)948698609</subfield>
          </datafield>
          <datafield tag="040" ind1=" " ind2=" ">
            <subfield code="a">1245</subfield>
            <subfield code="b">ger</subfield>
            <subfield code="c">DE-101</subfield>
            <subfield code="d">9999</subfield>
            <subfield code="e">rda</subfield>
          </datafield>
          <datafield tag="041" ind1=" " ind2=" ">
            <subfield code="a">ger</subfield>
            <subfield code="h">eng</subfield>
          </datafield>
          <datafield tag="044" ind1=" " ind2=" ">
            <subfield code="c">XA-DE-BY</subfield>
          </datafield>
          <datafield tag="082" ind1="7" ind2="4">
            <subfield code="a">820</subfield>
            <subfield code="a">B</subfield>
            <subfield code="q">DE-101</subfield>
            <subfield code="2">23sdnb</subfield>
          </datafield>
          <datafield tag="090" ind1=" " ind2=" ">
            <subfield code="a">b</subfield>
          </datafield>
          <datafield tag="100" ind1="1" ind2=" ">
            <subfield code="0">(DE-588)119252880</subfield>
            <subfield code="0">http://d-nb.info/gnd/119252880</subfield>
            <subfield code="0">(DE-101)119252880</subfield>
            <subfield code="a">Pratchett, Terry</subfield>
            <subfield code="d">1948-2015</subfield>
            <subfield code="e">Verfasser</subfield>
            <subfield code="4">aut</subfield>
          </datafield>
          <datafield tag="240" ind1="1" ind2="0">
            <subfield code="a">Lords and ladies</subfield>
          </datafield>
          <datafield tag="245" ind1="0" ind2="0">
            <subfield code="a">Lords und Ladies</subfield>
            <subfield code="b">ein Scheibenwelt-Roman</subfield>
            <subfield code="c">Terry Pratchett ; aus dem Englischen neu übersetzt von Gerald Jung</subfield>
          </datafield>
          <datafield tag="250" ind1=" " ind2=" ">
            <subfield code="a">Taschenbuchausgabe, 1. Auflage</subfield>
          </datafield>
          <datafield tag="259" ind1=" " ind2=" ">
            <subfield code="a">11</subfield>
          </datafield>
          <datafield tag="264" ind1=" " ind2="1">
            <subfield code="a">München</subfield>
            <subfield code="b">Goldmann</subfield>
            <subfield code="c">März 2017</subfield>
          </datafield>
          <datafield tag="300" ind1=" " ind2=" ">
            <subfield code="a">363 Seiten</subfield>
            <subfield code="c">19 cm</subfield>
          </datafield>
          <datafield tag="336" ind1=" " ind2=" ">
            <subfield code="a">Text</subfield>
            <subfield code="b">txt</subfield>
            <subfield code="2">rdacontent</subfield>
          </datafield>
          <datafield tag="337" ind1=" " ind2=" ">
            <subfield code="a">ohne Hilfsmittel zu benutzen</subfield>
            <subfield code="b">n</subfield>
            <subfield code="2">rdamedia</subfield>
          </datafield>
          <datafield tag="338" ind1=" " ind2=" ">
            <subfield code="a">Band</subfield>
            <subfield code="b">nc</subfield>
            <subfield code="2">rdacarrier</subfield>
          </datafield>
          <datafield tag="490" ind1="1" ind2=" ">
            <subfield code="a">Goldmann</subfield>
            <subfield code="v">48536</subfield>
          </datafield>
          <datafield tag="653" ind1=" " ind2=" ">
            <subfield code="a">(Produktform)Paperback / softback</subfield>
          </datafield>
          <datafield tag="653" ind1=" " ind2=" ">
            <subfield code="a">(Produktform (spezifisch))With flaps</subfield>
          </datafield>
          <datafield tag="653" ind1=" " ind2=" ">
            <subfield code="a">Britischer Humor</subfield>
          </datafield>
          <datafield tag="653" ind1=" " ind2=" ">
            <subfield code="a">Ein Sommernachtstraum</subfield>
          </datafield>
          <datafield tag="653" ind1=" " ind2=" ">
            <subfield code="a">Fantasy</subfield>
          </datafield>
          <datafield tag="653" ind1=" " ind2=" ">
            <subfield code="a">Hexen</subfield>
          </datafield>
          <datafield tag="653" ind1=" " ind2=" ">
            <subfield code="a">Humoristische Fantasy</subfield>
          </datafield>
          <datafield tag="653" ind1=" " ind2=" ">
            <subfield code="a">Parodie</subfield>
          </datafield>
          <datafield tag="653" ind1=" " ind2=" ">
            <subfield code="a">Reihe</subfield>
          </datafield>
          <datafield tag="653" ind1=" " ind2=" ">
            <subfield code="a">Scheibenwelt</subfield>
          </datafield>
          <datafield tag="653" ind1=" " ind2=" ">
            <subfield code="a">ScienceFiction</subfield>
          </datafield>
          <datafield tag="653" ind1=" " ind2=" ">
            <subfield code="a">Shakespeare-Parodie</subfield>
          </datafield>
          <datafield tag="653" ind1=" " ind2=" ">
            <subfield code="a">(VLB-WN)2112: Taschenbuch / Belletristik/Gegenwartsliteratur (ab 1945)</subfield>
          </datafield>
          <datafield tag="653" ind1=" " ind2=" ">
            <subfield code="a">(BISAC Subject Heading)FIC000000</subfield>
          </datafield>
          <datafield tag="653" ind1=" " ind2=" ">
            <subfield code="a">7015: Manhattan HC</subfield>
          </datafield>
          <datafield tag="655" ind1=" " ind2="7">
            <subfield code="0">(DE-588)1071854844</subfield>
            <subfield code="0">http://d-nb.info/gnd/1071854844</subfield>
            <subfield code="0">(DE-101)1071854844</subfield>
            <subfield code="a">Fiktionale Darstellung</subfield>
            <subfield code="2">gnd-content</subfield>
          </datafield>
          <datafield tag="655" ind1=" " ind2="7">
            <subfield code="0">(DE-101)1010885626</subfield>
            <subfield code="a">Fantasy</subfield>
            <subfield code="2">gatbeg</subfield>
          </datafield>
          <datafield tag="655" ind1=" " ind2="7">
            <subfield code="0">(DE-101)1010008188</subfield>
            <subfield code="a">Erzählende Literatur: Gegenwartsliteratur ab 1945</subfield>
            <subfield code="2">gatbeg</subfield>
          </datafield>
          <datafield tag="700" ind1="1" ind2=" ">
            <subfield code="0">(DE-588)113640099</subfield>
            <subfield code="0">http://d-nb.info/gnd/113640099</subfield>
            <subfield code="0">(DE-101)113640099</subfield>
            <subfield code="a">Jung, Gerald</subfield>
            <subfield code="d">1956-</subfield>
            <subfield code="e">Übersetzer</subfield>
            <subfield code="4">trl</subfield>
          </datafield>
          <datafield tag="776" ind1="0" ind2="8">
            <subfield code="i">Erscheint auch als</subfield>
            <subfield code="n">Online-Ausgabe</subfield>
            <subfield code="a">Pratchett, Terry, 1948-2015</subfield>
            <subfield code="t">Lords und Ladies</subfield>
            <subfield code="d">München : E-Books der Verlagsgruppe Random House GmbH, 2013</subfield>
            <subfield code="h">Online-Ressource</subfield>
            <subfield code="w">(DE-101)1034864904</subfield>
          </datafield>
          <datafield tag="780" ind1="0" ind2="0">
            <subfield code="i">Vorangegangen ist</subfield>
            <subfield code="z">9783442446759</subfield>
          </datafield>
          <datafield tag="830" ind1=" " ind2="0">
            <subfield code="a">Goldmann</subfield>
            <subfield code="v">48536</subfield>
            <subfield code="w">(DE-101)01079042X</subfield>
            <subfield code="w">(DE-600)135758-x</subfield>
            <subfield code="9">548536</subfield>
            <subfield code="7">as</subfield>
          </datafield>
          <datafield tag="850" ind1=" " ind2=" ">
            <subfield code="a">DE-101a</subfield>
            <subfield code="a">DE-101b</subfield>
          </datafield>
          <datafield tag="925" ind1="r" ind2=" ">
            <subfield code="a">ra</subfield>
          </datafield>
          <datafield tag="926" ind1="1" ind2=" ">
            <subfield code="a">FMK</subfield>
            <subfield code="o">93</subfield>
            <subfield code="q">Publisher</subfield>
            <subfield code="v">1.1</subfield>
            <subfield code="x">Comic (Humor) Fantasy</subfield>
          </datafield>
          <datafield tag="926" ind1="2" ind2=" ">
            <subfield code="a">FBA</subfield>
            <subfield code="o">93</subfield>
            <subfield code="q">Publisher</subfield>
            <subfield code="v">1.1</subfield>
            <subfield code="x">Moderne und zeitgenössische Belletristik</subfield>
          </datafield>
          <datafield tag="926" ind1="2" ind2=" ">
            <subfield code="a">FYT</subfield>
            <subfield code="o">93</subfield>
            <subfield code="q">Publisher</subfield>
            <subfield code="v">1.1</subfield>
            <subfield code="x">Belletristik in Übersetzung</subfield>
          </datafield>
        </record>
      </recordData>
      <recordPosition>12</recordPosition>
    </record>