
    <record>
      <recordSchema>MARC21-xml</recordSchema>
      <recordPacking>xml</recordPacking>
      <recordData>
        <record xmlns="http://www.loc.gov/MARC21/slim" type="Bibliographic">
          <leader>00000nam a2200000 c 4500</leader>
          <controlfield tag="001">1140032534</controlfield>
          <controlfield tag="003">DE-101</controlfield>
          <controlfield tag="005">20170919222225.0</controlfield>
          <controlfield tag="007">cr||||||||||||</controlfield>
          <controlfield tag="008">170918r20172004gw |||||o|||| 00||||ger  </controlfield>
          <datafield tag="016" ind1="7" ind2=" ">
            <subfield code="2">DE-101</subfield>
            <subfield code="a">1140032534</subfield>
          </datafield>
          <datafield tag="024" ind1="7" ind2=" ">
            <subfield code="2">urn</subfield>
            <subfield code="a">urn:nbn:de:101:1-2017091916375</subfield>
          </datafield>
          <datafield tag="035" ind1=" " ind2=" ">
            <subfield code="a">(DE-599)DNB1140032534</subfield>
          </datafield>
          <datafield tag="040" ind1=" " ind2=" ">
            <subfield code="a">1166</subfield>
            <subfield code="b">ger</subfield>
            <subfield code="c">DE-101</subfield>
            <subfield code="d">0292</subfield>
          </datafield>
          <datafield tag="041" ind1=" " ind2=" ">
            <subfield code="a">ger</subfield>
            <subfield code="h">eng</subfield>
          </datafield>
          <datafield tag="044" ind1=" " ind2=" ">
            <subfield code="c">XA-DE</subfield>
          </datafield>
          <datafield tag="082" ind1="7" ind2="4">
            <subfield code="a">820</subfield>
            <subfield code="a">B</subfield>
            <subfield code="q">DE-101</subfield>
            <subfield code="2">23sdnb</subfield>
          </datafield>
          <datafield tag="245" ind1="0" ind2="0">
            <subfield code="a">Wachen! Wachen!</subfield>
            <subfield code="b">ein Scheibenwelt-Hörspiel</subfield>
            <subfield code="c">Bookonear. Terry Pratchett. Ludwig Schütze ... Bearb. und Regie: Raphael Burri</subfield>
          </datafield>
          <datafield tag="264" ind1=" " ind2="1">
            <subfield code="a">Leipzig</subfield>
            <subfield code="a">Frankfurt am Main</subfield>
            <subfield code="b">Deutsche Nationalbibliothek</subfield>
            <subfield code="c">2017</subfield>
          </datafield>
          <datafield tag="300" ind1=" " ind2=" ">
            <subfield code="a">1 Online-Ressource (5 CDs)</subfield>
            <subfield code="b">stereo</subfield>
          </datafield>
          <datafield tag="336" ind1=" " ind2=" ">
            <subfield code="a">gesprochenes Wort</subfield>
            <subfield code="b">spw</subfield>
            <subfield code="2">rdacontent</subfield>
          </datafield>
          <datafield tag="337" ind1=" " ind2=" ">
            <subfield code="a">Computermedien</subfield>
            <subfield code="b">c</subfield>
            <subfield code="2">rdamedia</subfield>
          </datafield>
          <datafield tag="338" ind1=" " ind2=" ">
            <subfield code="a">Online-Ressource</subfield>
            <subfield code="b">cr</subfield>
            <subfield code="2">rdacarrier</subfield>
          </datafield>
          <datafield tag="583" ind1="1" ind2=" ">
            <subfield code="a">Langzeitarchivierung gewährleistet</subfield>
            <subfield code="i">LZA</subfield>
          </datafield>
          <datafield tag="655" ind1=" " ind2="7">
            <subfield code="0">(DE-101)1010885626</subfield>
            <subfield code="a">Fantasy</subfield>
            <subfield code="2">gatbeg</subfield>
          </datafield>
          <datafield tag="700" ind1="1" ind2=" ">
            <subfield code="0">(DE-588)119252880</subfield>
            <subfield code="0">http://d-nb.info/gnd/119252880</subfield>
            <subfield code="0">(DE-101)119252880</subfield>
            <subfield code="a">Pratchett, Terry</subfield>
            <subfield code="d">1948-2015</subfield>
            <subfield code="e">Mitwirkender</subfield>
            <subfield code="4">ctb</subfield>
          </datafield>
          <datafield tag="700" ind1="1" ind2=" ">
            <subfield code="0">(DE-588)102983259</subfield>
            <subfield code="0">http://d-nb.info/gnd/102983259</subfield>
            <subfield code="0">(DE-101)102983259</subfield>
            <subfield code="a">Schütze, Ludwig</subfield>
            <subfield code="e">Mitwirkender</subfield>
            <subfield code="4">ctb</subfield>
          </datafield>
          <datafield tag="700" ind1="1" ind2=" ">
            <subfield code="0">(DE-588)129658944</subfield>
            <subfield code="0">http://d-nb.info/gnd/129658944</subfield>
            <subfield code="0">(DE-101)129658944</subfield>
            <subfield code="a">Burri, Raphael</subfield>
            <subfield code="e">Mitwirkender</subfield>
            <subfield code="4">ctb</subfield>
          </datafield>
          <datafield tag="710" ind1="2" ind2=" ">
            <subfield code="0">(DE-588)10093808-5</subfield>
            <subfield code="0">http://d-nb.info/gnd/10093808-5</subfield>
            <subfield code="0">(DE-101)973218290</subfield>
            <subfield code="a">Bookonear Productions</subfield>
            <subfield code="e">Herausgebendes Organ</subfield>
            <subfield code="4">isb</subfield>
          </datafield>
          <datafield tag="775" ind1="0" ind2="8">
            <subfield code="i">Digitale Übertragung von</subfield>
            <subfield code="t">Wachen! Wachen!</subfield>
            <subfield code="d">[Bergisch Gladbach] : [Lübbe], 2004</subfield>
            <subfield code="h">5 CDs, stereo</subfield>
            <subfield code="w">(DE-101)971678111</subfield>
          </datafield>
          <datafield tag="850" ind1=" " ind2=" ">
            <subfield code="a">DE-101a</subfield>
            <subfield code="a">DE-101b</subfield>
          </datafield>
          <datafield tag="856" ind1="4" ind2="0">
            <subfield code="u">http://nbn-resolving.de/urn:nbn:de:101:1-2017091916375</subfield>
            <subfield code="x">Resolving-System</subfield>
          </datafield>
          <datafield tag="856" ind1=" " ind2="0">
            <subfield code="u">http://d-nb.info/1140032534/34</subfield>
            <subfield code="x">Langzeitarchivierung Nationalbibliothek</subfield>
          </datafield>
        </record>
      </recordData>
      <recordPosition>18</recordPosition>
    </record>