
    <record>
      <recordSchema>MARC21-xml</recordSchema>
      <recordPacking>xml</recordPacking>
      <recordData>
        <record xmlns="http://www.loc.gov/MARC21/slim" type="Bibliographic">
          <leader>00000pam a2200000 c 4500</leader>
          <controlfield tag="001">1098336038</controlfield>
          <controlfield tag="003">DE-101</controlfield>
          <controlfield tag="005">20170529012308.0</controlfield>
          <controlfield tag="007">tu</controlfield>
          <controlfield tag="008">160427s2016    gw ||||| |||| 00||||ger  </controlfield>
          <datafield tag="015" ind1=" " ind2=" ">
            <subfield code="a">16,A51</subfield>
            <subfield code="z">16,N18</subfield>
            <subfield code="2">dnb</subfield>
          </datafield>
          <datafield tag="016" ind1="7" ind2=" ">
            <subfield code="2">DE-101</subfield>
            <subfield code="a">1098336038</subfield>
          </datafield>
          <datafield tag="020" ind1=" " ind2=" ">
            <subfield code="a">9783442485154</subfield>
            <subfield code="c">Broschur : circa EUR 13.40 (AT), circa sfr 17.90 (freier Preis), circa EUR 12.99 (DE)</subfield>
            <subfield code="9">978-3-442-48515-4</subfield>
          </datafield>
          <datafield tag="020" ind1=" " ind2=" ">
            <subfield code="a">3442485150</subfield>
            <subfield code="9">3-442-48515-0</subfield>
          </datafield>
          <datafield tag="024" ind1="3" ind2=" ">
            <subfield code="a">9783442485154</subfield>
          </datafield>
          <datafield tag="035" ind1=" " ind2=" ">
            <subfield code="a">(DE-599)DNB1098336038</subfield>
          </datafield>
          <datafield tag="035" ind1=" " ind2=" ">
            <subfield code="a">(OCoLC)948698604</subfield>
          </datafield>
          <datafield tag="040" ind1=" " ind2=" ">
            <subfield code="a">1245</subfield>
            <subfield code="b">ger</subfield>
            <subfield code="c">DE-101</subfield>
            <subfield code="d">9999</subfield>
            <subfield code="e">rda</subfield>
          </datafield>
          <datafield tag="041" ind1=" " ind2=" ">
            <subfield code="a">ger</subfield>
            <subfield code="h">eng</subfield>
          </datafield>
          <datafield tag="044" ind1=" " ind2=" ">
            <subfield code="c">XA-DE-BY</subfield>
          </datafield>
          <datafield tag="082" ind1="0" ind2="4">
            <subfield code="8">1\u</subfield>
            <subfield code="a">823.914</subfield>
            <subfield code="q">DE-101</subfield>
            <subfield code="2">22/ger</subfield>
          </datafield>
          <datafield tag="083" ind1="7" ind2=" ">
            <subfield code="a">820</subfield>
            <subfield code="q">DE-101</subfield>
            <subfield code="2">23sdnb</subfield>
          </datafield>
          <datafield tag="085" ind1=" " ind2=" ">
            <subfield code="8">1\u</subfield>
            <subfield code="b">823</subfield>
          </datafield>
          <datafield tag="090" ind1=" " ind2=" ">
            <subfield code="a">b</subfield>
          </datafield>
          <datafield tag="100" ind1="1" ind2=" ">
            <subfield code="0">(DE-588)119252880</subfield>
            <subfield code="0">http://d-nb.info/gnd/119252880</subfield>
            <subfield code="0">(DE-101)119252880</subfield>
            <subfield code="a">Pratchett, Terry</subfield>
            <subfield code="d">1948-2015</subfield>
            <subfield code="e">Verfasser</subfield>
            <subfield code="4">aut</subfield>
          </datafield>
          <datafield tag="240" ind1="1" ind2="0">
            <subfield code="a">Turtle recall</subfield>
          </datafield>
          <datafield tag="245" ind1="0" ind2="0">
            <subfield code="a">Die Scheibenwelt von A - Z</subfield>
            <subfield code="c">Terry Pratchett &amp; Stephen Briggs ; ins Deutsche übertragen von Andreas Brandhorst und Gerald Jung</subfield>
          </datafield>
          <datafield tag="250" ind1=" " ind2=" ">
            <subfield code="a">Aktualisierte und vollständig überarbeitete Neuausgabe, 1. Auflage, vollständig aktualisierte Taschenbuchausgabe</subfield>
          </datafield>
          <datafield tag="259" ind1=" " ind2=" ">
            <subfield code="a">akuvuen</subfield>
          </datafield>
          <datafield tag="264" ind1=" " ind2="1">
            <subfield code="a">München</subfield>
            <subfield code="b">Goldmann</subfield>
            <subfield code="c">November 2016</subfield>
          </datafield>
          <datafield tag="300" ind1=" " ind2=" ">
            <subfield code="a">510 Seiten</subfield>
            <subfield code="c">21 cm</subfield>
          </datafield>
          <datafield tag="336" ind1=" " ind2=" ">
            <subfield code="a">Text</subfield>
            <subfield code="b">txt</subfield>
            <subfield code="2">rdacontent</subfield>
          </datafield>
          <datafield tag="337" ind1=" " ind2=" ">
            <subfield code="a">ohne Hilfsmittel zu benutzen</subfield>
            <subfield code="b">n</subfield>
            <subfield code="2">rdamedia</subfield>
          </datafield>
          <datafield tag="338" ind1=" " ind2=" ">
            <subfield code="a">Band</subfield>
            <subfield code="b">nc</subfield>
            <subfield code="2">rdacarrier</subfield>
          </datafield>
          <datafield tag="490" ind1="1" ind2=" ">
            <subfield code="a">Goldmann</subfield>
            <subfield code="v">48515</subfield>
          </datafield>
          <datafield tag="600" ind1="1" ind2="7">
            <subfield code="0">(DE-588)4408655-6</subfield>
            <subfield code="0">http://d-nb.info/gnd/4408655-6</subfield>
            <subfield code="0">(DE-101)947415807</subfield>
            <subfield code="a">Pratchett, Terry</subfield>
            <subfield code="d">1948-2015</subfield>
            <subfield code="t">The discworld series</subfield>
            <subfield code="2">gnd</subfield>
          </datafield>
          <datafield tag="653" ind1=" " ind2=" ">
            <subfield code="a">(Produktform)Paperback / softback</subfield>
          </datafield>
          <datafield tag="653" ind1=" " ind2=" ">
            <subfield code="a">(Produktform (spezifisch))Paperback (DE)</subfield>
          </datafield>
          <datafield tag="653" ind1=" " ind2=" ">
            <subfield code="a">(Produktform (spezifisch))With flaps</subfield>
          </datafield>
          <datafield tag="653" ind1=" " ind2=" ">
            <subfield code="a">Ankh-Morpork</subfield>
          </datafield>
          <datafield tag="653" ind1=" " ind2=" ">
            <subfield code="a">Britische Fantasy</subfield>
          </datafield>
          <datafield tag="653" ind1=" " ind2=" ">
            <subfield code="a">Charaktere der Scheibenwelt</subfield>
          </datafield>
          <datafield tag="653" ind1=" " ind2=" ">
            <subfield code="a">Humoristische Fantasy</subfield>
          </datafield>
          <datafield tag="653" ind1=" " ind2=" ">
            <subfield code="a">Scheibenwelt</subfield>
          </datafield>
          <datafield tag="653" ind1=" " ind2=" ">
            <subfield code="a">Spiegel-Bestseller-Autor</subfield>
          </datafield>
          <datafield tag="653" ind1=" " ind2=" ">
            <subfield code="a">(VLB-WN)2112: Taschenbuch / Belletristik/Gegenwartsliteratur (ab 1945)</subfield>
          </datafield>
          <datafield tag="653" ind1=" " ind2=" ">
            <subfield code="a">(BISAC Subject Heading)FIC009000</subfield>
          </datafield>
          <datafield tag="653" ind1=" " ind2=" ">
            <subfield code="a">(Produktgruppe)7510: Belletristik</subfield>
          </datafield>
          <datafield tag="655" ind1=" " ind2="7">
            <subfield code="0">(DE-101)1010008188</subfield>
            <subfield code="a">Erzählende Literatur: Gegenwartsliteratur ab 1945</subfield>
            <subfield code="2">gatbeg</subfield>
          </datafield>
          <datafield tag="689" ind1="0" ind2="0">
            <subfield code="0">(DE-588)4408655-6</subfield>
            <subfield code="0">http://d-nb.info/gnd/4408655-6</subfield>
            <subfield code="0">(DE-101)947415807</subfield>
            <subfield code="D">p</subfield>
            <subfield code="a">Pratchett, Terry</subfield>
            <subfield code="d">1948-2015</subfield>
            <subfield code="t">The discworld series</subfield>
          </datafield>
          <datafield tag="689" ind1="0" ind2=" ">
            <subfield code="5">DE-101</subfield>
            <subfield code="5">DE-101</subfield>
          </datafield>
          <datafield tag="700" ind1="1" ind2=" ">
            <subfield code="0">(DE-588)123422000</subfield>
            <subfield code="0">http://d-nb.info/gnd/123422000</subfield>
            <subfield code="0">(DE-101)123422000</subfield>
            <subfield code="a">Briggs, Stephen</subfield>
            <subfield code="e">Verfasser</subfield>
            <subfield code="4">aut</subfield>
          </datafield>
          <datafield tag="700" ind1="1" ind2=" ">
            <subfield code="0">(DE-588)12137694X</subfield>
            <subfield code="0">http://d-nb.info/gnd/12137694X</subfield>
            <subfield code="0">(DE-101)12137694X</subfield>
            <subfield code="a">Brandhorst, Andreas</subfield>
            <subfield code="d">1956-</subfield>
            <subfield code="e">Übersetzer</subfield>
            <subfield code="4">trl</subfield>
          </datafield>
          <datafield tag="700" ind1="1" ind2=" ">
            <subfield code="0">(DE-588)113640099</subfield>
            <subfield code="0">http://d-nb.info/gnd/113640099</subfield>
            <subfield code="0">(DE-101)113640099</subfield>
            <subfield code="a">Jung, Gerald</subfield>
            <subfield code="d">1956-</subfield>
            <subfield code="e">Übersetzer</subfield>
            <subfield code="4">trl</subfield>
          </datafield>
          <datafield tag="830" ind1=" " ind2="0">
            <subfield code="a">Goldmann</subfield>
            <subfield code="v">48515</subfield>
            <subfield code="w">(DE-101)01079042X</subfield>
            <subfield code="w">(DE-600)135758-x</subfield>
            <subfield code="9">548515</subfield>
            <subfield code="7">as</subfield>
          </datafield>
          <datafield tag="850" ind1=" " ind2=" ">
            <subfield code="a">DE-101a</subfield>
            <subfield code="a">DE-101b</subfield>
          </datafield>
          <datafield tag="856" ind1="4" ind2="2">
            <subfield code="m">B:DE-101</subfield>
            <subfield code="q">application/pdf</subfield>
            <subfield code="u">http://d-nb.info/1098336038/04</subfield>
            <subfield code="3">Inhaltsverzeichnis</subfield>
          </datafield>
          <datafield tag="925" ind1="r" ind2=" ">
            <subfield code="a">ra</subfield>
          </datafield>
          <datafield tag="926" ind1="1" ind2=" ">
            <subfield code="a">FMK</subfield>
            <subfield code="o">93</subfield>
            <subfield code="q">Publisher</subfield>
            <subfield code="v">1.1</subfield>
            <subfield code="x">Comic (Humor) Fantasy</subfield>
          </datafield>
          <datafield tag="926" ind1="2" ind2=" ">
            <subfield code="a">FBA</subfield>
            <subfield code="o">93</subfield>
            <subfield code="q">Publisher</subfield>
            <subfield code="v">1.1</subfield>
            <subfield code="x">Moderne und zeitgenössische Belletristik</subfield>
          </datafield>
          <datafield tag="926" ind1="2" ind2=" ">
            <subfield code="a">FYT</subfield>
            <subfield code="o">93</subfield>
            <subfield code="q">Publisher</subfield>
            <subfield code="v">1.1</subfield>
            <subfield code="x">Belletristik in Übersetzung</subfield>
          </datafield>
        </record>
      </recordData>
      <recordPosition>20</recordPosition>
    </record>