
    <record>
      <recordSchema>MARC21-xml</recordSchema>
      <recordPacking>xml</recordPacking>
      <recordData>
        <record xmlns="http://www.loc.gov/MARC21/slim" type="Bibliographic">
          <leader>00000pam a2200000 c 4500</leader>
          <controlfield tag="001">1078862451</controlfield>
          <controlfield tag="003">DE-101</controlfield>
          <controlfield tag="005">20171202143304.0</controlfield>
          <controlfield tag="007">tu</controlfield>
          <controlfield tag="008">151116s2016    gw ||||| |||| 00||||ger  </controlfield>
          <datafield tag="015" ind1=" " ind2=" ">
            <subfield code="a">16,A33</subfield>
            <subfield code="z">15,N48</subfield>
            <subfield code="2">dnb</subfield>
          </datafield>
          <datafield tag="016" ind1="7" ind2=" ">
            <subfield code="2">DE-101</subfield>
            <subfield code="a">1078862451</subfield>
          </datafield>
          <datafield tag="020" ind1=" " ind2=" ">
            <subfield code="a">9783492703956</subfield>
            <subfield code="c">Broschur : EUR 25.00 (DE), EUR 25.70 (AT), sfr 33.90 (freier Pr.)</subfield>
            <subfield code="9">978-3-492-70395-6</subfield>
          </datafield>
          <datafield tag="020" ind1=" " ind2=" ">
            <subfield code="a">349270395X</subfield>
            <subfield code="9">3-492-70395-X</subfield>
          </datafield>
          <datafield tag="024" ind1="3" ind2=" ">
            <subfield code="a">9783492703956</subfield>
          </datafield>
          <datafield tag="035" ind1=" " ind2=" ">
            <subfield code="a">(DE-599)DNB1078862451</subfield>
          </datafield>
          <datafield tag="035" ind1=" " ind2=" ">
            <subfield code="a">(OCoLC)930636104</subfield>
          </datafield>
          <datafield tag="040" ind1=" " ind2=" ">
            <subfield code="a">1245</subfield>
            <subfield code="b">ger</subfield>
            <subfield code="c">DE-101</subfield>
            <subfield code="d">9999</subfield>
            <subfield code="e">rda</subfield>
          </datafield>
          <datafield tag="041" ind1=" " ind2=" ">
            <subfield code="a">ger</subfield>
            <subfield code="h">eng</subfield>
          </datafield>
          <datafield tag="044" ind1=" " ind2=" ">
            <subfield code="c">XA-DE-BY</subfield>
            <subfield code="c">XA-CH</subfield>
          </datafield>
          <datafield tag="082" ind1="7" ind2="4">
            <subfield code="a">820</subfield>
            <subfield code="a">B</subfield>
            <subfield code="q">DE-101</subfield>
            <subfield code="2">23sdnb</subfield>
          </datafield>
          <datafield tag="090" ind1=" " ind2=" ">
            <subfield code="a">b</subfield>
          </datafield>
          <datafield tag="100" ind1="1" ind2=" ">
            <subfield code="0">(DE-588)119252880</subfield>
            <subfield code="0">http://d-nb.info/gnd/119252880</subfield>
            <subfield code="0">(DE-101)119252880</subfield>
            <subfield code="a">Pratchett, Terry</subfield>
            <subfield code="d">1948-2015</subfield>
            <subfield code="e">Verfasser</subfield>
            <subfield code="4">aut</subfield>
          </datafield>
          <datafield tag="240" ind1="1" ind2="0">
            <subfield code="a">The science of discworld</subfield>
          </datafield>
          <datafield tag="245" ind1="0" ind2="0">
            <subfield code="a">Die Wissenschaft der Scheibenwelt</subfield>
            <subfield code="c">Terry Pratchett, Jack Cohen, Ian Stewart ; aus dem Englischen von Andreas Brandhorst und Erik Simon</subfield>
          </datafield>
          <datafield tag="264" ind1=" " ind2="1">
            <subfield code="a">München</subfield>
            <subfield code="a">Zürich</subfield>
            <subfield code="b">Piper</subfield>
            <subfield code="c">[2016]</subfield>
          </datafield>
          <datafield tag="300" ind1=" " ind2=" ">
            <subfield code="a">1865 Seiten</subfield>
            <subfield code="c">22 cm</subfield>
          </datafield>
          <datafield tag="336" ind1=" " ind2=" ">
            <subfield code="a">Text</subfield>
            <subfield code="b">txt</subfield>
            <subfield code="2">rdacontent</subfield>
          </datafield>
          <datafield tag="337" ind1=" " ind2=" ">
            <subfield code="a">ohne Hilfsmittel zu benutzen</subfield>
            <subfield code="b">n</subfield>
            <subfield code="2">rdamedia</subfield>
          </datafield>
          <datafield tag="338" ind1=" " ind2=" ">
            <subfield code="a">Band</subfield>
            <subfield code="b">nc</subfield>
            <subfield code="2">rdacarrier</subfield>
          </datafield>
          <datafield tag="653" ind1=" " ind2=" ">
            <subfield code="a">(Produktform)Paperback / softback</subfield>
          </datafield>
          <datafield tag="653" ind1=" " ind2=" ">
            <subfield code="a">(BISAC Subject Heading)FIC009000</subfield>
          </datafield>
          <datafield tag="653" ind1=" " ind2=" ">
            <subfield code="a">Scheibenwelt</subfield>
          </datafield>
          <datafield tag="653" ind1=" " ind2=" ">
            <subfield code="a">Dralle Drachen</subfield>
          </datafield>
          <datafield tag="653" ind1=" " ind2=" ">
            <subfield code="a">Biologie</subfield>
          </datafield>
          <datafield tag="653" ind1=" " ind2=" ">
            <subfield code="a">Rincewind</subfield>
          </datafield>
          <datafield tag="653" ind1=" " ind2=" ">
            <subfield code="a">Astronomie</subfield>
          </datafield>
          <datafield tag="653" ind1=" " ind2=" ">
            <subfield code="a">Physik</subfield>
          </datafield>
          <datafield tag="653" ind1=" " ind2=" ">
            <subfield code="a">(VLB-WN)1132: Hardcover, Softcover / Belletristik/Fantasy</subfield>
          </datafield>
          <datafield tag="655" ind1=" " ind2="7">
            <subfield code="0">(DE-588)1071854844</subfield>
            <subfield code="0">http://d-nb.info/gnd/1071854844</subfield>
            <subfield code="0">(DE-101)1071854844</subfield>
            <subfield code="a">Fiktionale Darstellung</subfield>
            <subfield code="2">gnd-content</subfield>
          </datafield>
          <datafield tag="655" ind1=" " ind2="7">
            <subfield code="0">(DE-101)1010885626</subfield>
            <subfield code="a">Fantasy</subfield>
            <subfield code="2">gatbeg</subfield>
          </datafield>
          <datafield tag="700" ind1="1" ind2=" ">
            <subfield code="0">(DE-588)124091598</subfield>
            <subfield code="0">http://d-nb.info/gnd/124091598</subfield>
            <subfield code="0">(DE-101)124091598</subfield>
            <subfield code="a">Stewart, Ian</subfield>
            <subfield code="d">1945-</subfield>
            <subfield code="e">Verfasser</subfield>
            <subfield code="4">aut</subfield>
          </datafield>
          <datafield tag="700" ind1="1" ind2=" ">
            <subfield code="0">(DE-588)110180771</subfield>
            <subfield code="0">http://d-nb.info/gnd/110180771</subfield>
            <subfield code="0">(DE-101)110180771</subfield>
            <subfield code="a">Cohen, Jack</subfield>
            <subfield code="e">Verfasser</subfield>
            <subfield code="4">aut</subfield>
          </datafield>
          <datafield tag="700" ind1="1" ind2=" ">
            <subfield code="0">(DE-588)12137694X</subfield>
            <subfield code="0">http://d-nb.info/gnd/12137694X</subfield>
            <subfield code="0">(DE-101)12137694X</subfield>
            <subfield code="a">Brandhorst, Andreas</subfield>
            <subfield code="d">1956-</subfield>
            <subfield code="e">Übersetzer</subfield>
            <subfield code="4">trl</subfield>
          </datafield>
          <datafield tag="700" ind1="1" ind2=" ">
            <subfield code="0">(DE-588)108790371</subfield>
            <subfield code="0">http://d-nb.info/gnd/108790371</subfield>
            <subfield code="0">(DE-101)108790371</subfield>
            <subfield code="a">Simon, Erik</subfield>
            <subfield code="e">Übersetzer</subfield>
            <subfield code="4">trl</subfield>
          </datafield>
          <datafield tag="710" ind1="2" ind2=" ">
            <subfield code="0">(DE-588)10078672-8</subfield>
            <subfield code="0">http://d-nb.info/gnd/10078672-8</subfield>
            <subfield code="0">(DE-101)971234752</subfield>
            <subfield code="a">Piper Verlag</subfield>
            <subfield code="e">Verlag</subfield>
            <subfield code="4">pbl</subfield>
          </datafield>
          <datafield tag="850" ind1=" " ind2=" ">
            <subfield code="a">DE-101a</subfield>
            <subfield code="a">DE-101b</subfield>
          </datafield>
          <datafield tag="856" ind1="4" ind2="2">
            <subfield code="m">X:MVB</subfield>
            <subfield code="q">text/html</subfield>
            <subfield code="u">http://deposit.dnb.de/cgi-bin/dokserv?id=1bcf222240504143895c1e9fb458b6e5&amp;prov=M&amp;dok_var=1&amp;dok_ext=htm</subfield>
            <subfield code="3">Inhaltstext</subfield>
          </datafield>
          <datafield tag="856" ind1="4" ind2="2">
            <subfield code="m">B:DE-101</subfield>
            <subfield code="q">application/pdf</subfield>
            <subfield code="u">http://d-nb.info/1078862451/04</subfield>
            <subfield code="3">Inhaltsverzeichnis</subfield>
          </datafield>
          <datafield tag="925" ind1="r" ind2=" ">
            <subfield code="a">ra</subfield>
          </datafield>
          <datafield tag="926" ind1="1" ind2=" ">
            <subfield code="a">FMK</subfield>
            <subfield code="o">93</subfield>
            <subfield code="q">Publisher</subfield>
            <subfield code="v">1.1</subfield>
            <subfield code="x">Comic (Humor) Fantasy</subfield>
          </datafield>
        </record>
      </recordData>
      <recordPosition>21</recordPosition>
    </record>